@article{iqbal22,
AUTHOR = {Iqbal, Talha and Simpkin, Andrew J. and Roshan, Davood and Glynn, Nicola and Killilea, John and Walsh, Jane and Molloy, Gerard and Ganly, Sandra and Ryman, Hannah and Coen, Eileen and Elahi, Adnan and Wijns, William and Shahzad, Atif},
TITLE = {Stress Monitoring Using Wearable Sensors: A Pilot Study and Stress-Predict Dataset},
JOURNAL = {Sensors},
VOLUME = {22},
YEAR = {2022},
NUMBER = {21},
ARTICLE-NUMBER = {8135},
URL = {https://www.mdpi.com/1424-8220/22/21/8135},
PubMedID = {36365837},
ISSN = {1424-8220},
DOI = {10.3390/s22218135}
}

@misc{prophet23,
title = {Prophet | Forecasting at scale},
author = {Meta},
year = {2023},
howpublished = {\url{https://facebook.github.io/prophet/}},
note = {Accessed on 2023-04-16}
}
